<?xml version='1.0' encoding='utf-8'?>
<record xmlns="http://www.loc.gov/MARC21/slim" xmlns:xsi="http://www.w3.org/2001/XMLSchema-instance">
  <leader>00000cam^a2200265^a^45e0</leader>
  <controlfield tag="001">005730317</controlfield>
  <controlfield tag="005">20090923131909.0</controlfield>
  <controlfield tag="006">m^^^^^^^^d^^^^^^^^</controlfield>
  <controlfield tag="007">cr^bn^---auaua</controlfield>
  <controlfield tag="008">991020m19521966maua^^^^^^^^^^000^0^eng^d</controlfield>
  <datafield tag="035" ind1=" " ind2=" ">
    <subfield code="a">(OCoLC)37718657</subfield>
  </datafield>
  <datafield tag="035" ind1=" " ind2=" ">
    <subfield code="a">sdr-wu4759716</subfield>
  </datafield>
  <datafield tag="040" ind1=" " ind2=" ">
    <subfield code="a">NHS</subfield>
    <subfield code="c">NHS</subfield>
    <subfield code="d">OCL</subfield>
    <subfield code="d">EXW</subfield>
    <subfield code="d">WIH</subfield>
    <subfield code="d">MiU-H</subfield>
  </datafield>
  <datafield tag="090" ind1=" " ind2=" ">
    <subfield code="a">CS71</subfield>
    <subfield code="b">.C643 1952</subfield>
  </datafield>
  <datafield tag="245" ind1="0" ind2="4">
    <subfield code="a">The Genealogy of the descendants of John Clough of Salisbury, Massachusetts /</subfield>
    <subfield code="c">[edited by Eva Augusta Clough Speare].</subfield>
  </datafield>
  <datafield tag="260" ind1=" " ind2=" ">
    <subfield code="a">[Marblehead, Mass.?] :</subfield>
    <subfield code="b">John Clough Genealogical Society,</subfield>
    <subfield code="c">1952-1966</subfield>
    <subfield code="e">(Littleton, N.H. :</subfield>
    <subfield code="f">Courier Print. Co.)</subfield>
  </datafield>
  <datafield tag="300" ind1=" " ind2=" ">
    <subfield code="a">2 v. :</subfield>
    <subfield code="b">ill., coats of arms, facsim., maps, ports. ;</subfield>
    <subfield code="c">23 cm.</subfield>
  </datafield>
  <datafield tag="500" ind1=" " ind2=" ">
    <subfield code="a">Addenda: V. 1, p. 479-482.</subfield>
  </datafield>
  <datafield tag="500" ind1=" " ind2=" ">
    <subfield code="a">Includes indexes.</subfield>
  </datafield>
  <datafield tag="504" ind1=" " ind2=" ">
    <subfield code="a">Includes bibliographical references: v. 1 (p. 484-490).</subfield>
  </datafield>
  <datafield tag="538" ind1=" " ind2=" ">
    <subfield code="a">Mode of access: Internet.</subfield>
  </datafield>
  <datafield tag="600" ind1="3" ind2="0">
    <subfield code="a">Clough family.</subfield>
  </datafield>
  <datafield tag="700" ind1="1" ind2=" ">
    <subfield code="a">Speare, Eva A.</subfield>
    <subfield code="q">(Eva Augusta),</subfield>
    <subfield code="d">1875-1972.</subfield>
  </datafield>
  <datafield tag="710" ind1="2" ind2=" ">
    <subfield code="a">John Clough Genealogical Society.</subfield>
  </datafield>
  <datafield tag="830" ind1=" " ind2="0">
    <subfield code="a">Genealogy and local history ;</subfield>
    <subfield code="v">G1329.</subfield>
  </datafield>
  <datafield tag="852" ind1="8" ind2=" ">
    <subfield code="a">MiU-H</subfield>
    <subfield code="b">BENT</subfield>
    <subfield code="h">85579 Aa 2 Box 5</subfield>
  </datafield>
  <datafield tag="092" ind1=" " ind2=" ">
    <subfield code="a">G/929.2/C647a</subfield>
  </datafield>
  <datafield tag="955" ind1=" " ind2=" ">
    <subfield code="b">BENT</subfield>
    <subfield code="p">39015071894963</subfield>
    <subfield code="z">v.1</subfield>
  </datafield>
  <datafield tag="955" ind1=" " ind2=" ">
    <subfield code="b">BENT</subfield>
    <subfield code="p">39015071894971</subfield>
    <subfield code="z">v.2</subfield>
  </datafield>
</record>
